@misc{Krishna2020,
	author        = {Velivela, Krishna and Yarram, Sudhir},
	title         = {Comparison of Reinforcement Learning Algorithms},
	month         = {Dec},
	year          = {2020},
	publisher={Department of Computer Science and Engineering, University at Buffalo}
}

@inproceedings{sandeep2022experimental,
	title={Experimental Evaluation of Reinforcement Learning Algorithms},
	author={Sandeep Varma, N and Sinha, Vaishnavi and Pradyumna Rahul, K},
	booktitle={International Conference on Computational Intelligence and Data Engineering},
	pages={469--484},
	year={2022},
	organization={Springer}
}
@inproceedings{ford2022cognitive,
	title={Cognitive radar mode control: a comparison of different reinforcement learning algorithms},
	author={Ford, SA and Ritchie, M},
	booktitle={International Conference on Radar Systems (RADAR 2022)},
	volume={2022},
	pages={107--112},
	year={2022},
	organization={IET}
}

@article{dulac2021,
	title={Challenges of real-world reinforcement learning: definitions, benchmarks and analysis},
	author={Dulac-Arnold, Gabriel and Levine, Nir and Mankowitz, Daniel J and Li, Jerry and Paduraru, Cosmin and Gowal, Sven and Hester, Todd},
	journal={Machine Learning},
	volume={110},
	number={9},
	pages={2419--2468},
	year={2021},
	publisher={Springer}
}

@inproceedings{henderson2018deep,
	title={Deep reinforcement learning that matters},
	author={Henderson, Peter and Islam, Riashat and Bachman, Philip and Pineau, Joelle and Precup, Doina and Meger, David},
	booktitle={Proceedings of the AAAI conference on artificial intelligence},
	volume={32},
	number={1},
	year={2018}
}
@inproceedings{duan2016benchmarking,
	title={Benchmarking deep reinforcement learning for continuous control},
	author={Duan, Yan and Chen, Xi and Houthooft, Rein and Schulman, John and Abbeel, Pieter},
	booktitle={International conference on machine learning},
	pages={1329--1338},
	year={2016},
	organization={PMLR}
}

@article{dulac2020empirical,
	title={An empirical investigation of the challenges of real-world reinforcement learning},
	author={Dulac-Arnold, Gabriel and Levine, Nir and Mankowitz, Daniel J and Li, Jerry and Paduraru, Cosmin and Gowal, Sven and Hester, Todd},
	journal={arXiv preprint arXiv:2003.11881},
	year={2020}
}

@article{davsic2006,
	title={Analysis of Wear Cutting Tools by Complex Power-Exponential Function for Finishing Turning of the Hardened Steel 20crmo5 by Mixed Ceramic Tools},
	author={Da{\v{s}}i{\'c}, Predrag},
	journal={Fascicle VIII Tribology},
	volume={12},
	pages={54--60},
	year={2006}
}

@book{graesser2019,
	title={Foundations of deep reinforcement learning},
	author={Graesser, Laura and Keng, Wah Loon},
	year={2019},
	publisher={Addison-Wesley Professional}
}

@article{mnih2015DQN,
  title={Human-level control through deep reinforcement learning},
  author={Mnih, Volodymyr and Kavukcuoglu, Koray and Silver, David and Rusu, Andrei A and Veness, Joel and Bellemare, Marc G and Graves, Alex and Riedmiller, Martin and Fidjeland, Andreas K and Ostrovski, Georg and others},
  journal={nature},
  volume={518},
  number={7540},
  pages={529--533},
  year={2015},
  publisher={Nature Publishing Group}
}

@inproceedings{riedmiller2005neural,
	title={Neural fitted Q iteration--first experiences with a data efficient neural reinforcement learning method},
	author={Riedmiller, Martin},
	booktitle={Machine Learning: ECML 2005: 16th European Conference on Machine Learning, Porto, Portugal, October 3-7, 2005. Proceedings 16},
	pages={317--328},
	year={2005},
	organization={Springer}
}

@misc{OpenAI-baselines,
	author = {Dhariwal, Prafulla and Hesse, Christopher and Klimov, Oleg and Nichol, Alex and Plappert, Matthias and Radford, Alec and Schulman, John and Sidor, Szymon and Wu, Yuhuai and Zhokhov, Peter},
	title = {OpenAI Baselines},
	year = {2017},
	publisher = {GitHub},
	journal = {GitHub repository},
	howpublished = {\url{https://github.com/openai/baselines}},
}

@article{REINFORCE-williams1992,
	title={Simple statistical gradient-following algorithms for connectionist reinforcement learning},
	author={Williams, Ronald J},
	journal={Reinforcement learning},
	pages={5--32},
	year={1992},
	publisher={Springer}
}

@inproceedings{A2C-mnih2016,
	title={Asynchronous methods for deep reinforcement learning},
	author={Mnih, Volodymyr and Badia, Adria Puigdomenech and Mirza, Mehdi and Graves, Alex and Lillicrap, Timothy and Harley, Tim and Silver, David and Kavukcuoglu, Koray},
	booktitle={International conference on machine learning},
	pages={1928--1937},
	year={2016},
	organization={PMLR}
}

@article{DQN-mnih2013,
	title={Playing atari with deep reinforcement learning},
	author={Mnih, Volodymyr and Kavukcuoglu, Koray and Silver, David and Graves, Alex and Antonoglou, Ioannis and Wierstra, Daan and Riedmiller, Martin},
	journal={arXiv preprint arXiv:1312.5602},
	year={2013}
}
@article{PPO-schulman2017,
	title={Proximal policy optimization algorithms},
	author={Schulman, John and Wolski, Filip and Dhariwal, Prafulla and Radford, Alec and Klimov, Oleg},
	journal={arXiv preprint arXiv:1707.06347},
	year={2017}
}

@book{barto2018,
	author={Richard Sutton and Andrew Barto},
	year={2018},
	title={Reinforcement Learning: An Introduction},
	publisher={The MIT Press},
	address={Cambridge, England},
	edition={2nd. edition}
}

@data{NUAA-data-set,
	doi = {10.21227/3aa1-5e83},
	url = {https://dx.doi.org/10.21227/3aa1-5e83},
	author = {Yingguang, LI and Changqing, LIU and Dehua, LI and Jiaqi, HUA and Peng, WAN},
	publisher = {IEEE Dataport},
	title = {Tool wear dataset of NUAA Ideahouse},
	year = {2021}}

@article{davsic2006analysis,
	title={Analysis of Wear Cutting Tools by Complex Power-Exponential Function for Finishing Turning of the Hardened Steel 20crmo5 by Mixed Ceramic Tools},
	author={Da{\v{s}}i{\'c}, Predrag},
	journal={Fascicle VIII Tribology},
	volume={12},
	pages={54--60},
	year={2006}
}

@inproceedings{dai2021reinforcement,
	title={Reinforcement lion swarm optimization algorithm for tool wear prediction},
	author={Dai, Zixiang and Jiang, Mingyan and Li, Xiaogang and Yuan, Dongfeng and Zhou, Xiaotian},
	booktitle={2021 Global Reliability and Prognostics and Health Management (PHM-Nanjing)},
	pages={1--7},
	year={2021},
	organization={IEEE}
}

@article{oshida2023development,
	title={Development and implementation of real-time anomaly detection on tool wear based on stacked LSTM encoder-decoder model},
	author={Oshida, Taisuke and Murakoshi, Tomohiro and Zhou, Libo and Ojima, Hirotaka and Kaneko, Kazuki and Onuki, Teppei and Shimizu, Jun},
	journal={The International Journal of Advanced Manufacturing Technology},
	pages={1--16},
	year={2023},
	publisher={Springer}
}

# Brian Duignan - Britannica
@misc{occams-razor,
	author = {Britannica}, 
	year = {2022},
	title = {Occam's razor},
	url = {https://www.britannica.com/topic/Occams-razor},
	publisher = {Encyclopaedia Britannica},
	note = {Accessed: 2023-06-23}
}

@misc{milling-market,
	author = {{Future Market Insights}},
	year = {2023},
	month = {1},
	title = {Milling Machine Market Outlook (2023 to 2033)},
	url = {https://www.futuremarketinsights.com/reports/milling-machine-market},
	publisher = {Future Market Insights, Inc.},
	note = {Accessed: 2023-06-23}
}


@article{SB3-paper,
	author = {Raffin, Antonin and Hill, Ashley and Gleave, Adam and Kanervisto, Anssi and Ernestus, Maximilian and Dormann, Noah},
	title = {Stable-Baselines3: Reliable Reinforcement Learning Implementations},
	year = {2021},
	issue_date = {January 2021},
	publisher = {JMLR.org},
	volume = {22},
	number = {1},
	issn = {1532-4435},
	journal = {J. Mach. Learn. Res.},
	month = {jan},
	articleno = {268},
	numpages = {8},
}
@misc{SB3-algorithms,
	title = {Stable-Baselines3 - Master list of algorithms},
	url = {https://stable-baselines3.readthedocs.io/en/master/guide/algos.html},
	note = {Accessed: 2023-06-27}
}

@misc{SB3-home,
	title = {Stable-Baselines3 Docs - Reliable Reinforcement Learning Implementations},
	url = {https://stable-baselines3.readthedocs.io/en/master/index.html}
	note = {Accessed: 2023-05-14}
}

@article{SB3-PPO-implementation,
	author = {Huang, Shengyi; Dossa, Rousslan Fernand Julien; Raffin, Antonin; Kanervisto, Anssi; Wang, Weixun},
	title = {The 37 Implementation Details of Proximal Policy Optimization},
	year = {2022},
	month = {March},
	day = {25},
	publisher = {},	
	note = {Accessed: 2023-06-27}
}
